@misc{Sch2019LecturesCM,
  author       = {Peter Scholze},
  title        = {Lectures on Condensed Mathematics},
  year         = {2019},
  howpublished = {\url{https://www.math.uni-bonn.de/people/scholze/Condensed.pdf}}
}

@misc{Sch2020MasterClass,
  author       = {Dustin Clausen and Peter Scholze},
  title        = {Masterclass in Condensed Mathematics},
  year         = {2020},
  month        = {November},
  howpublished = {\url{https://www.math.ku.dk/english/calendar/events/condensed-mathematics/}}
}

@misc{Tu2022IntroductionSC,
  title         = {Introduction to Sheaf Cohomology},
  author        = {Loring W. Tu},
  year          = {2022},
  eprint        = {2206.07512},
  archiveprefix = {arXiv},
  primaryclass  = {math.AT}
}

@misc{stacks-project,
  author       = {The {Stacks Project Authors}},
  title        = {The Stacks Project},
  howpublished = {\url{https://stacks.math.columbia.edu/}},
  year         = {2023}
}

@misc{Apa2021condensed,
  title         = {Condensed Mathematics: The internal Hom of condensed sets and condensed abelian groups and a prismatic construction of the real numbers},
  author        = {Rodrigo Marlasca Aparicio},
  year          = {2021},
  eprint        = {2109.07816},
  archiveprefix = {arXiv},
  primaryclass  = {math.GN}
}

@article{Gle1958ProjectiveTS,
  author     = {Gleason, Andrew M.},
  title      = {Projective topological spaces},
  journal    = {Illinois J. Math.},
  fjournal   = {Illinois Journal of Mathematics},
  volume     = {2},
  year       = {1958},
  pages      = {482--489},
  issn       = {0019-2082},
  mrclass    = {54.00},
  mrnumber   = {121775},
  mrreviewer = {Dana Scott},
  url        = {https://projecteuclid.org/journals/illinois-journal-of-mathematics/volume-2/issue-4A/Projective-topological-spaces/10.1215/ijm/1255454110.full}
}

@mastersthesis{Dag2021FoundationsCM,
  author = {Dagur, Ásgeirsson},
  school = {Université de Paris},
  title  = {The Foundations of Condensed Mathematics},
  year   = {2021},
  url    = {https://dagur.sites.ku.dk/files/2022/01/condensed-foundations.pdf}
}

@misc{Sch2020AreTE,
  author       = {Peter Scholze},
  howpublished = {\url{https://mathoverflow.net/questions/352448/are-there-enough-injectives-in-condensed-abelian-groups?noredirect=1&lq=1}},
  title        = {Are there (enough) injectives in condensed abelian groups?},
  year         = {2020}
}

@book{Hat2002AlgebraicT,
  author     = {Hatcher, Allen},
  title      = {Algebraic topology},
  publisher  = {Cambridge University Press, Cambridge},
  year       = {2002},
  pages      = {xii+544},
  isbn       = {0-521-79160-X; 0-521-79540-0},
  mrclass    = {55-01 (55-00)},
  mrnumber   = {1867354},
  mrreviewer = {Donald W. Kahn}
}

@article{Steenrod1967ConvenientCT,
  author     = {Steenrod, N. E.},
  title      = {A convenient category of topological spaces},
  journal    = {Michigan Math. J.},
  fjournal   = {Michigan Mathematical Journal},
  volume     = {14},
  year       = {1967},
  pages      = {133--152},
  issn       = {0026-2285},
  mrclass    = {54.22 (55.00)},
  mrnumber   = {210075},
  mrreviewer = {Robert Freeman Brown},
  url        = {http://projecteuclid.org.myezproxy.vub.ac.be/euclid.mmj/1028999711}
}
	